<?xml version="1.0" encoding="UTF-8"?><record xmlns="http://www.loc.gov/MARC21/slim" xmlns:cinclude="http://apache.org/cocoon/include/1.0" xmlns:zs="http://www.loc.gov/zing/srw/">
  <leader>00986cz  a2200157n  4500</leader>
  <controlfield tag="001">no 95016823 </controlfield>
  <controlfield tag="003">DLC</controlfield>
  <controlfield tag="005">20120811083952.0</controlfield>
  <controlfield tag="008">950405n| acannaab           |a ana     c</controlfield>
  <datafield tag="010" ind1=" " ind2=" ">
    <subfield code="a">no 95016823 </subfield>
  </datafield>
  <datafield tag="035" ind1=" " ind2=" ">
    <subfield code="a">(OCoLC)oca03809452</subfield>
  </datafield>
  <datafield tag="040" ind1=" " ind2=" ">
    <subfield code="a">ICRL</subfield>
    <subfield code="b">eng</subfield>
    <subfield code="c">ICRL</subfield>
    <subfield code="d">DLC</subfield>
  </datafield>
  <datafield tag="111" ind1="2" ind2=" ">
    <subfield code="a">Moskovskai︠a︡ konferent︠s︡ii︠a︡ aspirantov-sot︠s︡iologov "Sot︠s︡iologicheskie issledovanii︠a︡--teoreticheskie i prakticheskie problemy"</subfield>
  </datafield>
  <datafield tag="411" ind1="2" ind2=" ">
    <subfield code="a">Konferent︠s︡ii︠a︡ aspirantov-sot︠s︡iologov "Sot︠s︡iologicheskie issledovanii︠a︡--teoreticheskie i prakticheskie problemy," Moskovskai︠a︡</subfield>
  </datafield>
  <datafield tag="667" ind1=" " ind2=" ">
    <subfield code="a">THIS 1XX FIELD CANNOT BE USED UNDER RDA UNTIL THIS RECORD HAS BEEN REVIEWED AND/OR UPDATED</subfield>
  </datafield>
  <datafield tag="670" ind1=" " ind2=" ">
    <subfield code="a">Aktualʹnye voprosy teorii i praktiki v sot︠s︡iologii, 1990:</subfield>
    <subfield code="b">t.p. (Vtoroĭ Moskovskoĭ konferent︠s︡ii aspirantov-sot︠s︡iologov "Sot︠s︡iologicheskie issledovanii︠a︡: teoreticheskie i prakticheskie problemy"; held in Moscow, in Apr. 1990)</subfield>
  </datafield>
</record>